@book{grosso2007tempario,
  title={Tempario per opere edili civili. Nuove costruzioni, manutenzione e ristrutturazione. Con CD-ROM},
  author={Grosso, L.},
  isbn={9788832465044},
  url={https://books.google.it/books?id=S2I6GQAACAAJ},
  year={2007},
  publisher={Il Sole 24 Ore}
}
@misc{EnergyCost,
    title={The Costs and Financial Benefits of Green Buildings: A Report to California's Sustainable Building Task Force},
    author={Kats, Greeg and Alevantis, Leon and Berman, Adam and Mills, Evan and Perlman, Jeff},
    url={http://www3.cec.org/islandora-gb/en/islandora/object/islandora%3A941/datastream/OBJ-EN/view0},
    year={2003},
    publisher={California Department of Resources Recycling and Recovery}
}
